<?xml version="1.0" encoding="UTF-8"?><collection xmlns="http://www.loc.gov/MARC21/slim"><record><leader>00368nam--2200121-i-4500</leader><controlfield tag="001">000041651</controlfield><controlfield tag="002">20161230</controlfield><controlfield tag="005">20161230201043</controlfield><controlfield tag="008">060222s1000------------r-----000-0-eng-d</controlfield><datafield ind1=" " ind2=" " tag="100"><subfield code="a">Siomes Santos H</subfield></datafield><datafield ind1=" " ind2=" " tag="245"><subfield code="a">Escolha electronica de minerios radioactivos. (estudo previo de tres minerios portugueses)</subfield></datafield><datafield ind1=" " ind2=" " tag="260"><subfield code="a">Lisboa, Inst.Superior Technico, 1961. 24 P</subfield></datafield><datafield ind1=" " ind2=" " tag="852"><subfield code="a">7632</subfield></datafield></record></collection>